%%%%%%%%%%%%
%%%%%%%%% VERY GENERAL
%%%%%%%%%%%%
@book{cohen2014analyzing,
  title={Analyzing neural time series data: theory and practice},
  author={Cohen, Michael X},
  year={2014},
  publisher={MIT Press}
}

@book{jackman2009bayesian,
    title={Bayesian analysis for the social sciences},
    author={Jackman, Simon},
    volume={846},
    year={2009},
    publisher={John Wiley \& Sons}
}

@book{lyons2014essential,
    title={The Essential Guide to Digital Signal Processing},
    author={Lyons, Richard G and Fugal, D Lee},
    year={2014},
    publisher={Pearson Education}
}

@book{downey2016think,
    title={{Think DSP: Digital Signal Processing in Python}},
    author={Downey, Allen B},
    year={2016},
    publisher={Green Tea Press},
    url={https://github.com/AllenDowney/ThinkDSP}
}

@book{stone2015information,
    title={Information Theory: A Tutorial Introduction},
    author={Stone, James V},
    year={2015},
    publisher={Sebtel Press}
}

@book{cohen2015cycles,
  title={Cycles in mind: How brain rhythms control perception and action},
  author={Cohen, Michael X},
  year={2015},
  publisher={Sinc(x) press}
}

@book{luck2011oxford,
    title={The Oxford handbook of event-related potential components},
    author={Luck, Steven J and Kappenman, Emily S},
    year={2011},
    publisher={Oxford university press}
}


@book{luck2014introduction,
  title={An introduction to the event-related potential technique},
  author={Luck, Steven J},
  year={2014},
  publisher={MIT press}
}

@book{luck2011oxford,
    title={The Oxford handbook of event-related potential components},
    author={Luck, Steven J and Kappenman, Emily S},
    year={2011},
    publisher={Oxford university press}
}

@book{lyons2014essential,
  title={The Essential Guide to Digital Signal Processing},
  author={Lyons, Richard G and Fugal, D Lee},
  year={2014},
  publisher={Pearson Education}
}

@book{freeman2012imaging,
  title={{Imaging brain function with EEG: Advanced temporal and spatial analysis of electroencephalographic signals}},
  author={Freeman, Walter and Quiroga, Rodrigo Quian},
  year={2012},
  publisher={{Springer Science \& Business Media}}
}

@book{tatum2014handbook,
  title={{Handbook of EEG interpretation}},
  author={Tatum IV, William O},
  year={2014},
  publisher={Demos Medical Publishing}
}

@book{rasmussen2006gauss,
  title={{Gaussian Processes for Machine Learning}},
  author={Rasmussen, Carl Edward and Williams, Christopher K. I.},
  year={2006},
  publisher={{MIT Press}}
}

@book{hastie2009elements,
  title={The elements of statistical learning: data mining, inference, and prediction},
  author={Hastie, Trevor J and Tibshirani, Robert John and Friedman, Jerome H},
  year={2009},
  publisher={Springer}
}

@book{schomer2012niedermeyer,
  title={Niedermeyer's electroencephalography: basic principles, clinical applications, and related fields},
  author={Schomer, Donald L and Da Silva, Fernando Lopes},
  year={2012},
  publisher={Lippincott Williams \& Wilkins}
}

@article{tolunsky2003primer,
  title={{Primer of EEG With a Mini-Atlas}},
  author={Tolunsky, Eugene and Rowan, AJ},
  journal={USA: Butterworth Heinemann},
  year={2003}
}

@article{fu2006event,
  title={{Event-related potentials (ERPs) in neuroergonomics}},
  author={Fu, Shimin and Parasuraman, Raja},
  journal={{Neuroergonomics: The brain at work}},
  pages={32--50},
  year={2006}
}

@article{gevins2006electroencephalography,
  title={{Electroencephalography (EEG) in neuroergonomics}},
  author={Gevins, Alan and Smith, Michael E},
  journal={{Neuroergonomics: The brain at work}},
  pages={15--31},
  year={2006}
}

@article{parasuraman2012neuroergonomics,
  title={Neuroergonomics: the brain in action and at work},
  author={Parasuraman, Raja and Christensen, James and Grafton, Scott},
  journal={{NeuroImage}},
  volume={59},
  number={1},
  pages={1--3},
  year={2012},
  publisher={Academic Press}
}

@article{collura1993history,
  title={History and evolution of electroencephalographic instruments and techniques},
  author={Collura, Thomas F},
  journal={Journal of Clinical Neurophysiology},
  volume={10},
  number={4},
  pages={476--504},
  year={1993},
  publisher={LWW}
}

@article{millet2002origins,
  title={{The origins of EEG}},
  author={Millet, David},
  journal={International Society for the History of the Neurosciences (ISHN)},
  year={2002}
}


%%%%%%%%%%%%
%%%%%%%%% GENERAL
%%%%%%%%%%%%
@article{roach2008event,
    title={{Event-related EEG time-frequency analysis: an overview of measures and an
        analysis of early gamma band phase locking in schizophrenia}},
    author={Roach, Brian J and Mathalon, Daniel H},
    journal={Schizophrenia bulletin},
    volume={34},
    number={5},
    pages={907--926},
    year={2008},
    publisher={MPRC},
    doi={10.1093/schbul/sbn093}
}

@incollection{bastiaansen2012beyond,
    title={{Beyond ERPs: oscillatory neuronal dynamics}},
    author={Bastiaansen, Marcel and Mazaheri, Ali and Jensen, Ole},
    booktitle={The Oxford handbook of event-related potential components},
    pages={31--50},
    year={2012},
    publisher={Oxford University Press}
}

@article{buzsaki2012origin,
    title={{The origin of extracellular fields and currents—EEG, ECoG, LFP and spikes}},
    author={Buzs{\'a}ki, Gy{\"o}rgy and Anastassiou, Costas A and Koch, Christof},
    journal={Nature reviews neuroscience},
    volume={13},
    number={6},
    pages={407--420},
    year={2012},
    publisher={Nature Publishing Group},
    doi={10.1038/nrn3241}
}

@article{torrence1998practical,
    title={A practical guide to wavelet analysis},
    author={Torrence, Christopher and Compo, Gilbert P},
    journal={Bulletin of the American Meteorological society},
    volume={79},
    number={1},
    pages={61--78},
    year={1998}
}

@article{bigdely2015prep,
    title={{The PREP pipeline: standardized preprocessing for large-scale EEG analysis}},
    author={Bigdely-Shamlo, Nima and Mullen, Tim and Kothe, Christian and Su,
        Kyung-Min and Robbins, Kay A},
    journal={Frontiers in Neuroinformatics},
    volume={9},
    year={2015},
    publisher={Frontiers Media SA},
    doi={10.3389/fninf.2015.00016}
}

@article{graps1995introduction,
    title={An introduction to wavelets},
    author={Graps, Amara},
    journal={Computational Science \& Engineering, IEEE},
    volume={2},
    number={2},
    pages={50--61},
    year={1995},
    publisher={IEEE},
    doi={10.1109/99.388960}
}

@article{cohen2011time,
    title={It's about Time},
    author={Cohen, Michael X},
    journal={Frontiers in Human Neuroscience},
    volume={5},
    pages={2},
    year={2011},
    publisher={Frontiers},
    doi={10.3389/fnhum.2011.00002}
}


@article{makeig2004mining,
    title={Mining event-related brain dynamics},
    author={Makeig, Scott and Debener, Stefan and Onton, Julie and Delorme, Arnaud},
    journal={Trends in cognitive sciences},
    volume={8},
    number={5},
    pages={204--210},
    year={2004},
    publisher={Elsevier},
    doi={10.1016/j.tics.2004.03.008}
}

@article{fell2007cognitive,
    title={Cognitive neurophysiology: beyond averaging},
    author={Fell, Juergen},
    journal={NeuroImage},
    volume={37},
    number={4},
    pages={1069--1072},
    year={2007},
    publisher={Elsevier},
    doi={10.1016/j.neuroimage.2007.07.019}
}

@article{wacker2013time,
    title={Time-frequency Techniques in Biomedical Signal Analysis},
    author={Wacker, M and Witte, H},
    journal={Methods of information in medicine},
    volume={52},
    number={4},
    pages={279--296},
    year={2013},
    publisher={Schattauer Publishers},
    doi={10.3414/ME12-01-0083}
}

@article{buzsaki2013scaling,
  title={Scaling brain size, keeping timing: evolutionary preservation of brain rhythms},
  author={Buzs{\'a}ki, Gy{\"o}rgy and Logothetis, Nikos and Singer, Wolf},
  journal={Neuron},
  volume={80},
  number={3},
  pages={751--764},
  year={2013},
  publisher={Elsevier},
  doi={10.1016/j.neuron.2013.10.002}
}

@article{haegens2014inter,
  title={Inter-and intra-individual variability in alpha peak frequency},
  author={Haegens, Saskia and Cousijn, Helena and Wallis, George and Harrison, Paul J and Nobre, Anna C},
  journal={NeuroImage},
  volume={92},
  pages={46--55},
  year={2014},
  publisher={Elsevier},
  doi={10.1016/j.neuroimage.2014.01.049}
}

@article{buzsaki2004neuronal,
  title={Neuronal oscillations in cortical networks},
  author={Buzs{\'a}ki, Gy{\"o}rgy and Draguhn, Andreas},
  journal={Science},
  volume={304},
  number={5679},
  pages={1926--1929},
  year={2004},
  publisher={American Association for the Advancement of Science}
}

@article{bressler2006event,
  title={Event-Related Potentials},
  author={Bressler, Steven L and Ding, Mingzhou},
  journal={Wiley encyclopedia of biomedical engineering},
  year={2006},
  publisher={Wiley Online Library}
}

@article{cohen2014five,
  title={Five methodological challenges in cognitive electrophysiology},
  author={Cohen, Michael X and Gulbinaite, Rasa},
  journal={NeuroImage},
  volume={85},
  pages={702--710},
  year={2014},
  publisher={Elsevier},
  doi={10.1016/j.neuroimage.2013.08.010}
}

@article{cohen2016rigor,
  title={Rigor and replication in time-frequency analyses of cognitive electrophysiology data},
  author={Cohen, Michael X},
  journal={International Journal of Psychophysiology},
  year={2016},
  publisher={Elsevier},
  doi={10.1016/j.ijpsycho.2016.02.001}
}

@article{bacsar2001gamma,
  title={Gamma, alpha, delta, and theta oscillations govern cognitive processes},
  author={Ba{\c{s}}ar, Erol and Ba{\c{s}}ar-Eroglu, Canan and Karaka{\c{s}}, Sirel and Sch{\"u}rmann, Martin},
  journal={International Journal of Psychophysiology},
  volume={39},
  number={2},
  pages={241--248},
  year={2001},
  publisher={Elsevier},
  doi={10.1016/S0167-8760(00)00145-8}
}

@article{jatoi2014survey,
  title={{A survey of methods used for source localization using EEG signals}},
  author={Jatoi, Munsif Ali and Kamel, Nidal and Malik, Aamir Saeed and Faye, Ibrahima and Begum, Tahamina},
  journal={Biomedical Signal Processing and Control},
  volume={11},
  pages={42--52},
  year={2014},
  publisher={Elsevier},
  doi={10.1016/j.bspc.2014.01.009}
}

@article{da2013eeg,
  title={{EEG and MEG: relevance to neuroscience}},
  author={da Silva, Fernando Lopes},
  journal={Neuron},
  volume={80},
  number={5},
  pages={1112--1128},
  year={2013},
  publisher={Elsevier},
  doi={10.1016/j.neuron.2013.10.017}
}

@article{herrmann2014time,
  title={Time--Frequency Analysis of Event-Related Potentials: A Brief Tutorial},
  author={Herrmann, Christoph S and Rach, Stefan and Vosskuhl, Johannes and Str{\"u}ber, Daniel},
  journal={Brain topography},
  volume={27},
  number={4},
  pages={438--450},
  year={2014},
  publisher={Springer},
  doi={10.1007/s10548-013-0327-5}
}

@article{key_introduction_2012,
	title = {{Introduction to the Special Issue on EEG/ERP Data Analysis: Novel Approaches for Modern Data Sets}},
	author = {Key, Alexandra P. F. and Crowley, Michael J.},
	volume = {37},
	year = {2012},
	doi = {10.1080/87565641.2012.690800},
	pages = {473--475},
	number = {6},
	journaltitle = {Developmental Neuropsychology},
}

@article{rousselet2011quantifying,
	title = {Quantifying the time course of visual object processing using {ERPs}: it's time to up the game},
	volume = {2},
	shorttitle = {Quantifying the time course of visual object processing using {ERPs}},
	journaltitle = {Frontiers in Psychology},
	author = {Rousselet, Guillaume A and Pernet, Cyril R},
	date = {2011},
	doi={10.3389/fpsyg.2011.00107}
}

@article{pernet2011single,
	title = {Single-trial analyses: why bother?},
	volume = {2},
	shorttitle = {Single-trial analyses},
	journaltitle = {Frontiers in Psychology},
	author = {Pernet, Cyril R and Sajda, Paul and Rousselet, Guillaume A},
	date = {2011},
	doi={10.3389/fpsyg.2011.00322}
}


@article{quiroga2007can,
  title={What can we learn from single-trial event-related potentials?},
  author={Quiroga, Rodrigo Quian and Atienza, M and Cantero, JL and Jongsma, MLA},
  journal={Chaos Complex Lett.},
  volume={2},
  pages={345--363},
  year={2007}
}

@article{dinstein2015neural,
  title={Neural variability: friend or foe?},
  author={Dinstein, Ilan and Heeger, David J and Behrmann, Marlene},
  journal={Trends in cognitive sciences},
  volume={19},
  number={6},
  pages={322--328},
  year={2015},
  publisher={Elsevier},
  doi={10.1016/j.tics.2015.04.005}
}

@article{tzovara_tutorial_2012,
	title = {A Tutorial Review of Electrical Neuroimaging From Group-Average to Single-Trial Event-Related Potentials},
	volume = {37},
	issn = {8756-5641},
	doi = {10.1080/87565641.2011.636851},
	pages = {518--544},
	year = {2012},
	number = {6},
	journaltitle = {Developmental Neuropsychology},
	author = {Tzovara, Athina and Murray, Micah M. and Michel, Christoph M. and Lucia, Marzia De},
	pmid = {22889343}
}

@article{baayen2015out,
  title={Out of the Cage of Shadows},
  author={Baayen, Harald and Vasishth, Shravan and Bates, Douglas and Kliegl, Reinhold},
  journal={arXiv preprint arXiv:1511.03120},
  year={2015}
}

@article{sorensen2015bayesian,
    title={{Bayesian linear mixed models using Stan: A tutorial for psychologists,
        linguists, and cognitive scientists}},
    author={Sorensen, Tanner and Vasishth, Shravan},
    journal={arXiv preprint arXiv:1506.06201},
    year={2015},
    url={https://github.com/vasishth/BayesLMMTutorial}
}

@article{judd2012treating,
    title={{Treating stimuli as a random factor in social psychology: a new and
        comprehensive solution to a pervasive but largely ignored problem.}},
    author={Judd, Charles M and Westfall, Jacob and Kenny, David A},
    journal={Journal of personality and social psychology},
    volume={103},
    number={1},
    pages={54},
    year={2012},
    publisher={American Psychological Association},
    doi={10.1037/a0028347}
}

@article{baayen2008mixed,
    title={{Mixed-effects modeling with crossed random effects for subjects and items}},
    author={Baayen, R Harald and Davidson, Douglas J and Bates, Douglas M},
    journal={Journal of memory and language},
    volume={59},
    number={4},
    pages={390--412},
    year={2008},
    publisher={Elsevier},
    doi={10.1016/j.jml.2007.12.005}
}

@article{cohen2014comparison,
  title={{Comparison of different spatial transformations applied to {EEG} data: {A} case study of error processing}},
  author={Cohen, Michael X},
  journal={International Journal of Psychophysiology},
  year={2014},
  publisher={Elsevier},
  pages={245--257},
  doi={doi:10.1016/j.ijpsycho.2014.09.013}
}

@article{speelman2013mean,
  title={How mean is the mean?},
  author={Speelman, Craig P and McGann, Marek},
  journal={Frontiers in Psychology},
  volume={4},
  year={2013},
  publisher={Frontiers Media SA},
  doi={10.3389/fpsyg.2013.00451}
}

@article{waters2012importance,
  title={The Importance of Single Trials: Temporal and Spatial Resolution in Event-Related Potential Research},
  author={Waters, Allison C and Song, Jung Eun and Luu, Phan and Tucker, Don M},
  journal={Developmental Neuropsychology},
  volume={37},
  number={6},
  pages={545--558},
  year={2012},
  publisher={Taylor \& Francis},
  doi={10.1080/87565641.2012.674994}
}

%%%%%%%%%%%%
%%%%%%%%% ALGORITHMS
%%%%%%%%%%%%
@article{quiroga2003single,
    title={Single-trial event-related potentials with wavelet denoising},
    author={Quiroga, Rodrigo Quian and Garcia, H},
    journal={Clinical Neurophysiology},
    volume={114},
    number={2},
    pages={376--390},
    year={2003},
    publisher={Elsevier},
    doi={10.1016/S1388-2457(02)00365-6}
}

@article{bagiella2000mixed,
    title={Mixed-effects models in psychophysiology},
    author={Bagiella, Emilia and Sloan, Richard P and Heitjan, Daniel F},
    journal={Psychophysiology},
    volume={37},
    number={01},
    pages={13--20},
    year={2000},
    publisher={Cambridge Univ Press},
    doi={10.1111/1469-8986.3710013}
}

@article{kiebel2004spm2,
    title={{Statistical parametric mapping for event-related potentials (II): a hierarchical temporal model}},
    author={Kiebel, Stefan J and Friston, Karl J},
    journal={NeuroImage},
    volume={22},
    number={2},
    pages={503--520},
    year={2004},
    publisher={Elsevier},
    doi={10.1016/j.neuroimage.2004.02.013}
}

@article{onton2006imaging,
    title={{Imaging human EEG dynamics using independent component analysis}},
    author={Onton, Julie and Westerfield, Marissa and Townsend, Jeanne and Makeig,
        Scott},
    journal={Neuroscience \& Biobehavioral Reviews},
    volume={30},
    number={6},
    pages={808--822},
    year={2006},
    publisher={Elsevier},
    doi={10.1016/j.neubiorev.2006.06.007}
}

@article{weeda2012fast,
    title={{A fast and reliable method for simultaneous waveform, amplitude and latency estimation of single-trial EEG/MEG data}},
    author={Weeda, Wouter D and Grasman, Raoul PPP and Waldorp, Lourens J and Van de Laar, Maria C and Van der Molen, Maurits W and Huizenga, Hilde M},
    journal={PloS One},
    volume={7},
    number={6},
    pages={e38292},
    year={2012},
    publisher={Public Library of Science},
    doi={10.1371/journal.pone.0038292}
}

@article{ince2016statistical,
    title={{A statistical framework for neuroimaging data analysis based on mutual information estimated via a Gaussian copula}},
    author={Ince, Robin AA and Giordano, Bruno L and Kayser, Christoph and Rousselet, Guillaume A and Gross, Joachim and Schyns, Philippe G},
    journal={bioRxiv},
    pages={1--53},
    year={2016},
    publisher={Cold Spring Harbor Labs Journals},
    doi={/10.1101/043745}
}

@book{wood2006generalized,
    title={{Generalized additive models: an introduction with R}},
    author={Wood, Simon},
    year={2006},
    publisher={CRC press}
}

@article{bates2014fitting,
    title={{Fitting linear mixed-effects models using lme4}},
    author={Bates, Douglas and M{\"a}chler, Martin and Bolker, Ben and Walker, Steve},
    journal={arXiv preprint arXiv:1406.5823},
    year={2014}
}

@article{smith2015regressiona,
    title={{Regression-based estimation of ERP waveforms: I. The rERP framework}},
    author={Smith, Nathaniel J and Kutas, Marta},
    journal={Psychophysiology},
    volume={52},
    number={2},
    pages={157--168},
    year={2015},
    publisher={Wiley Online Library},
    doi={10.1111/psyp.12317}
}

@article{smith2015regressionb,
    title={{Regression-based estimation of ERP waveforms: II. Nonlinear effects, overlap
        correction, and practical considerations}},
    author={Smith, Nathaniel J and Kutas, Marta},
    journal={Psychophysiology},
    volume={52},
    number={2},
    pages={169--181},
    year={2015},
    publisher={Wiley Online Library},
    doi={10.1111/psyp.12320}
}

@article{tibon2015striking,
    title={{Striking a balance: analyzing unbalanced event-related potential data}},
    author={Tibon, Roni and Levy, Daniel A},
    journal={Frontiers in Psychology},
    volume={6},
    year={2015},
    publisher={Frontiers Media SA},
    doi={10.3389/fpsyg.2015.00555}
}

@article{delorme2012independent,
    title={{Independent EEG sources are dipolar}},
    author={Delorme, Arnaud and Palmer, Jason and Onton, Julie and Oostenveld, Robert
        and Makeig, Scott},
    journal={PloS One},
    volume={7},
    number={2},
    pages={e30135},
    year={2012},
    publisher={Public Library of Science},
    doi={10.1371/journal.pone.0030135}
}

@article{akhtar2012employing,
    title={{Employing spatially constrained ICA and wavelet denoising, for automatic removal of artifacts from multichannel EEG data}},
    author={Akhtar, Muhammad Tahir and Mitsuhashi, Wataru and James, Christopher J},
    journal={Signal Processing},
    volume={92},
    number={2},
    pages={401--416},
    year={2012},
    publisher={Elsevier},
    doi={10.1016/j.sigpro.2011.08.005}
}

@article{blankertz2008optimizing,
    title={{Optimizing spatial filters for robust EEG single-trial analysis}},
    author={Blankertz, Benjamin and Tomioka, Ryota and Lemm, Steven and Kawanabe, Motoaki and Muller, Klaus-Robert},
    journal={Signal Processing Magazine, IEEE},
    volume={25},
    number={1},
    pages={41--56},
    year={2008},
    publisher={IEEE},
    doi={10.1109/MSP.2008.4408441}
}

@article{nolan2010faster,
    title={{FASTER: fully automated statistical thresholding for EEG artifact rejection}},
    author={Nolan, H and Whelan, R and Reilly, RB},
    journal={Journal of Neuroscience Methods},
    volume={192},
    number={1},
    pages={152--162},
    year={2010},
    publisher={Elsevier},
    doi={10.1016/j.jneumeth.2010.07.015}
}

@article{maris2007nonparametric,
    title={{Nonparametric statistical testing of EEG-and MEG-data}},
    author={Maris, Eric and Oostenveld, Robert},
    journal={Journal of Neuroscience Methods},
    volume={164},
    number={1},
    pages={177--190},
    year={2007},
    publisher={Elsevier},
    doi={10.1016/j.jneumeth.2007.03.024}
}

@article{delorme2007enhanced,
    title={{Enhanced detection of artifacts in EEG data using higher-order statistics and independent component analysis}},
    author={Delorme, Arnaud and Sejnowski, Terrence and Makeig, Scott},
    journal={NeuroImage},
    volume={34},
    number={4},
    pages={1443--1449},
    year={2007},
    publisher={Elsevier},
    doi={10.1016/j.neuroimage.2006.11.004}
}

@article{de2012let,
    title={{Let's face it, from trial to trial: Comparing procedures for N170 single-trial estimation}},
    author={De Vos, Maarten and Thorne, Jeremy D and Yovel, Galit and Debener, Stefan},
    journal={NeuroImage},
    volume={63},
    number={3},
    pages={1196--1202},
    year={2012},
    publisher={Elsevier},
    doi={10.1016/j.neuroimage.2012.07.055}
}

@article{groppe2011mass1,
  title={{Mass univariate analysis of event-related brain potentials/fields I: A critical tutorial review}},
  author={Groppe, David M and Urbach, Thomas P and Kutas, Marta},
  journal={Psychophysiology},
  volume={48},
  number={12},
  pages={1711--1725},
  year={2011},
  publisher={Wiley Online Library},
  doi={10.1111/j.1469-8986.2011.01273.x}
}

@article{groppe2011mass2,
  title={{Mass univariate analysis of event-related brain potentials/fields II: Simulation studies}},
  author={Groppe, David M and Urbach, Thomas P and Kutas, Marta},
  journal={Psychophysiology},
  volume={48},
  number={12},
  pages={1726--1737},
  year={2011},
  publisher={Wiley Online Library},
  doi={10.1111/j.1469-8986.2011.01272.x}
}

@inproceedings{burns2013comparison,
  title={Comparison of averaging and regression techniques for estimating event related potentials},
  author={Burns, Matthew D and Bigdely-Shamlo, Nima and Smith, Nathaniel J and Kreutz-Delgado, Kenneth and Makeig, Scott},
  booktitle={{Engineering in Medicine and Biology Society (EMBC), 2013 35th Annual
      International Conference of the IEEE}},
  pages={1680--1683},
  year={2013},
  organization={IEEE},
  doi={10.1109/EMBC.2013.6609841}
}

@article{lotte2007review,
  title={{A review of classification algorithms for EEG-based brain--computer interfaces}},
  author={Lotte, Fabien and Congedo, Marco and L{\'e}cuyer, Anatole and Lamarche, Fabrice and Arnaldi, Bruno},
  journal={{Journal of Neural Engineering}},
  volume={4},
  number={2},
  pages={R1},
  year={2007},
  publisher={IOP Publishing}
}

@article{tremblay2015modeling,
  title={{Modeling nonlinear relationships in ERP data using mixed-effects regression with R examples}},
  author={Tremblay, Antoine and Newman, Aaron J},
  journal={Psychophysiology},
  volume={52},
  number={1},
  pages={124--139},
  year={2015},
  publisher={Wiley Online Library},
  doi={10.1111/psyp.12299}
}

@article{lemm2011introduction,
  title={Introduction to machine learning for brain imaging},
  author={Lemm, Steven and Blankertz, Benjamin and Dickhaus, Thorsten and M{\"u}ller, Klaus-Robert},
  journal={{NeuroImage}},
  volume={56},
  number={2},
  pages={387--399},
  year={2011},
  publisher={Elsevier},
  doi={10.1016/j.neuroimage.2010.11.004}
}

@article{blankertz2011single,
	title = {Single-trial analysis and classification of {ERP} components—a tutorial},
	volume = {56},
	pages = {814--825},
	number = {2},
	journaltitle = {{NeuroImage}},
	author = {Blankertz, Benjamin and Lemm, Steven and Treder, Matthias and Haufe, Stefan and Müller, Klaus-Robert},
	date = {2011},
	doi = {10.1016/j.neuroimage.2010.06.048}
}

@article{muller2003linear,
    title={Linear and nonlinear methods for brain-computer interfaces},
    author={M{\"u}ller, Klaus-Robert and Anderson, Charles W and Birch, Gary E},
    journal={Neural Systems and Rehabilitation Engineering, IEEE Transactions on},
    volume={11},
    number={2},
    pages={165--169},
    year={2003},
    publisher={IEEE},
    doi={10.1109/TNSRE.2003.814484}
}

@article{treder2016lda,
  title={{The LDA beamformer: Optimal estimation of ERP source time series using linear discriminant analysis}},
  author={Treder, Matthias S and Porbadnigk, Anne K and Avarvand, Forooz Shahbazi and M{\"u}ller, Klaus-Robert and Blankertz, Benjamin},
  journal={{NeuroImage}},
  year={2016},
  publisher={Elsevier},
  doi={doi:10.1016/j.neuroimage.2016.01.019}
}

@article{hyvarinen2000independent,
    title={Independent component analysis: algorithms and applications},
    author={Hyv{\"a}rinen, Aapo and Oja, Erkki},
    journal={Neural Networks},
    volume={13},
    number={4},
    pages={411--430},
    year={2000},
    publisher={Elsevier}
}

@article{van2016single,
  title={Single-Trial {ERP} Component Analysis Using a Spatiotemporal {LCMV Beamformer}},
  author={Van Vliet, Marijn and Chumerin, Nikolay and De Deyne, Simon and Wiersema, Jan Roelf and Fias, Wim and Storms, Gerrit and Van Hulle, Marc M},
  journal={Biomedical Engineering, IEEE Transactions on},
  volume={63},
  number={1},
  pages={55--66},
  year={2016},
  publisher={IEEE},
  doi={10.1109/TBME.2015.2468588}
}

@article{ahmadi2013automatic,
  title={Automatic denoising of single-trial evoked potentials},
  author={Ahmadi, Maryam and Quiroga, Rodrigo Quian},
  journal={{NeuroImage}},
  volume={66},
  pages={672--680},
  year={2013},
  publisher={Elsevier},
  doi={10.1016/j.neuroimage.2012.10.062}
}

@article{huang2015single,
    title={{Single-trial ERPs denoising via collaborative filtering on ERPs images}},
    author={Huang, Yue and Chen, Xin and Zhang, Jun and Zeng, Delu and Zhang, Dandan and Ding, Xinghao},
    journal={Neurocomputing},
    volume={149},
    pages={914--923},
    year={2015},
    publisher={Elsevier},
    doi={10.1016/j.neucom.2014.07.043}
}

@article{zou2010single,
  title={Single-trial evoked potentials study by combining wavelet denoising and principal component analysis methods},
  author={Zou, Ling and Zhang, Yingchun and Yang, Laurence T and Zhou, Renlai},
  journal={{Journal of Clinical Neurophysiology}},
  volume={27},
  number={1},
  pages={17--24},
  year={2010},
  publisher={LWW},
  doi={10.1097/WNP.0b013e3181c9b29a}
}

@article{spinnato2015detecting,
    title={{Detecting single-trial EEG evoked potential using a wavelet domain linear mixed model: Application to error potentials classification}},
    author={Spinnato, J and Roubaud, MC and Burle, B and Torr{\'e}sani, B},
    journal={{Journal of Neural Engineering}},
    volume={12},
    number={3},
    pages={036013},
    year={2015},
    publisher={IOP Publishing},
    doi={10.1088/1741-2560/12/3/036013}
}

@article{dien2012applying,
  title={{Applying principal components analysis to event-related potentials: a tutorial}},
  author={Dien, Joseph},
  journal={Developmental neuropsychology},
  volume={37},
  number={6},
  pages={497--517},
  year={2012},
  publisher={Taylor \& Francis},
  doi={10.1080/87565641.2012.697503}
}

@article{crowley2012implementation,
  title={{Implementation of false discovery rate for exploring novel paradigms and trait dimensions with ERPs}},
  author={Crowley, Michael J. and Wu, Jia and McCreary, Scott and Miller, Kelly F and Mayes, Linda C},
  journal={Developmental neuropsychology},
  volume={37},
  number={6},
  pages={559--577},
  year={2012},
  publisher={Taylor \& Francis},
  doi={10.1080/87565641.2012.694513}
}

@article{poolman2008single,
  title={{A single-trial analytic framework for EEG analysis and its application to target detection and classification}},
  author={Poolman, Pieter and Frank, Robert M and Luu, Phan and Pederson, Stacey M and Tucker, Don M},
  journal={{NeuroImage}},
  volume={42},
  number={2},
  pages={787--798},
  year={2008},
  publisher={Elsevier},
  doi={10.1016/j.neuroimage.2008.03.031}
}

%%%%%%%%%%%%
%%%%%%%%% APPLICATIONS
%%%%%%%%%%%%
@article{busch2009phase,
    title={The phase of ongoing EEG oscillations predicts visual perception},
    author={Busch, Niko A and Dubois, Julien and VanRullen, Rufin},
    journal={The Journal of Neuroscience},
    volume={29},
    number={24},
    pages={7869--7876},
    year={2009},
    publisher={Soc Neuroscience},
    doi={10.1523/jneurosci.0113-09.2009}
}

@article{meulman2015age,
    title={{Age effects in L2 grammar processing as revealed by ERPs and how (not) to study them}},
    author={Meulman, Nienke and Wieling, Martijn and Sprenger, Simone A and Stowe, Laurie A and Schmid, Monika S},
    journal={PloS One},
    volume={10},
    number={12},
    year={2015},
    publisher={Public Library of Science},
    doi={10.1371/journal.pone.0143328}
}

@article{hawkins2015toward,
    title={Toward a model-based cognitive neuroscience of mind wandering},
    author={Hawkins, GE and Mittner, M and Boekel, W and Heathcote, A and Forstmann,
        BU},
    journal={Neuroscience},
    volume={310},
    pages={290--305},
    year={2015},
    publisher={Elsevier},
    doi={10.1016/j.neuroscience.2015.09.053}
}

@article{ratcliff2009quality,
    title={{Quality of evidence for perceptual decision making is indexed by trial-to-trial variability of the EEG}},
    author={Ratcliff, Roger and Philiastides, Marios G and Sajda, Paul},
    journal={Proceedings of the National Academy of Sciences},
    volume={106},
    number={16},
    pages={6539--6544},
    year={2009},
    publisher={National Acad Sciences},
    doi={10.1073/pnas.0812589106}
}

@article{kaunitz2014looking,
    title={{Looking for a face in the crowd: Fixation-related potentials in an eye-movement visual search task}},
    author={Kaunitz, Lisandro N and Kamienkowski, Juan E and Varatharajah, Alexander and Sigman, Mariano and Quiroga, Rodrigo Quian and Ison, Matias J},
    journal={NeuroImage},
    volume={89},
    pages={297--305},
    year={2014},
    publisher={Elsevier},
    doi={10.1016/j.neuroimage.2013.12.006}
}

@article{navajas2013uncovering,
    title={{Uncovering the mechanisms of conscious face perception: a single-trial study of the N170 responses}},
    author={Navajas, Joaquin and Ahmadi, Maryam and Quiroga, Rodrigo Quian},
    journal={The Journal of Neuroscience},
    volume={33},
    number={4},
    pages={1337--1343},
    year={2013},
    publisher={Soc Neuroscience},
    doi={10.1523/jneurosci.1226-12.2013}
}

@article{jongsma2013learning,
    title={The learning-oddball paradigm: Data of 24 separate individuals illustrate its potential usefulness as a new clinical tool},
    author={Jongsma, Marijtje LA and van Rijn, Clementina M and Gerrits, Niels JHM and Eichele, Tom and Steenbergen, Bert and Maes, Joseph HR and Quiroga, Rodrigo Quian},
    journal={Clinical Neurophysiology},
    volume={124},
    number={3},
    pages={514--521},
    year={2013},
    publisher={Elsevier},
    doi={10.1016/j.clinph.2012.09.009}
}

@article{scheer2016steering,
    title={{Steering Demands Diminish the Early-P3, Late-P3 and RON Components of the
        Event-Related Potential of Task-Irrelevant Environmental Sounds}},
    author={Scheer, Menja and B{\"u}lthoff, Heinrich H and Chuang, Lewis L},
    journal={Frontiers in Human Neuroscience},
    volume={10},
    year={2016},
    publisher={Frontiers Media SA},
    doi={10.3389/fnhum.2016.00073}
}

@article{giraudet2015neuroergonomic,
    title={{The neuroergonomic evaluation of human machine interface design in air
        traffic control using behavioral and EEG/ERP measures}},
    author={Giraudet, Louise and Imbert, Jean-Paul and B{\'e}renger, M and Tremblay,
        Sebastien and Causse, M},
    journal={Behavioural brain research},
    volume={294},
    pages={246--253},
    year={2015},
    publisher={Elsevier},
    doi={10.1016/j.bbr.2015.07.041}
}

@article{schalk2004bci2000,
    title={{BCI2000: a general-purpose brain-computer interface (BCI) system}},
    author={Schalk, Gerwin and McFarland, Dennis J and Hinterberger, Thilo and Birbaumer, Niels and Wolpaw, Jonathan R},
    journal={Biomedical Engineering, IEEE Transactions on},
    volume={51},
    number={6},
    pages={1034--1043},
    year={2004},
    publisher={IEEE},
    doi={10.1109/TBME.2004.827072}
}

@article{cohen2011single,
    title={Single-trial regression elucidates the role of prefrontal theta oscillations in response conflict},
    author={Cohen, Michael X and Cavanagh, James F and others},
    journal={Frontiers in Psychology},
    volume={2},
    pages={30},
    year={2011},
    doi={10.3389/fpsyg.2011.00030}
}

@article{mullen2015real,
    title={{Real-time neuroimaging and cognitive monitoring using wearable dry EEG}},
    author={Mullen, Tim R and Kothe, Christian AE and Chi, Yu Mike and Ojeda,
        Alejandro and Kerth, Trevor and Makeig, Scott and Jung, Tzyy-Ping and
            Cauwenberghs, Gert},
    journal={Biomedical Engineering, IEEE Transactions on},
    volume={62},
    number={11},
    pages={2553--2567},
    year={2015},
    publisher={IEEE},
    doi={10.1109/TBME.2015.2481482}
}

@article{goodin2012high,
    title={{A high-density EEG investigation into steady state binaural beat
        stimulation}},
    author={Goodin, Peter and Ciorciari, Joseph and Baker, Kate and Carrey, Anne-Marie
        and Harper, Michelle and Kaufman, Jordy},
    journal={PloS One},
    volume={7},
    number={4},
    pages={e34789},
    year={2012},
    publisher={Public Library of Science},
    doi={10.1371/journal.pone.0034789}
}

@article{muller2008machine,
    title={{Machine learning for real-time single-trial EEG-analysis: from brain--computer interfacing to mental state monitoring}},
    author={M{\"u}ller, Klaus-Robert and Tangermann, Michael and Dornhege, Guido and Krauledat, Matthias and Curio, Gabriel and Blankertz, Benjamin},
    journal={Journal of Neuroscience Methods},
    volume={167},
    number={1},
    pages={82--90},
    year={2008},
    publisher={Elsevier},
    doi={10.1016/j.jneumeth.2007.09.022}
}

@article{ries2014comparison,
    title={A comparison of electroencephalography signals acquired from conventional and mobile systems},
    author={Ries, Anthony J and Touryan, Jon and Vettel, Jean and McDowell, Kaleb and Hairston, W David},
    journal={Journal of Neuroscience and Neuroengineering},
    volume={3},
    number={1},
    pages={10--20},
    year={2014},
    publisher={American Scientific Publishers},
    doi={10.1166/jnsne.2014.1092}
}

@inproceedings{bashivan2015single,
    title={{Single trial prediction of normal and excessive cognitive load through EEG feature fusion}},
    author={Bashivan, Pouya and Yeasin, Mohammed and Bidelman, Gavin M},
    booktitle={2015 IEEE Signal Processing in Medicine and Biology Symposium (SPMB)},
    pages={1--5},
    year={2015},
    organization={IEEE},
    doi={10.1109/SPMB.2015.7405422}
}

@article{rousselet2011modeling,
    title={{Modeling single-trial ERP reveals modulation of bottom-up face visual processing by top-down task constraints (in some subjects)}},
    author={Rousselet, Guillaume A and Gaspar, Carl M and Wieczorek, Kacper and Pernet, Cyril R},
    journal={Frontiers in Psychology},
    year={2011},
    publisher={Frontiers Research Foundation},
    doi={10.3389/fpsyg.2011.00137}
}

@article{jap2009using,
  title={{Using EEG spectral components to assess algorithms for detecting fatigue}},
  author={Jap, Budi Thomas and Lal, Sara and Fischer, Peter and Bekiaris, Evangelos},
  journal={Expert Systems with Applications},
  volume={36},
  number={2},
  pages={2352--2359},
  year={2009},
  publisher={Elsevier},
  doi={10.1016/j.eswa.2007.12.043}
}

@article{lafleur2013quadcopter,
  title={Quadcopter control in three-dimensional space using a noninvasive motor imagery-based brain--computer interface},
  author={LaFleur, Karl and Cassady, Kaitlin and Doud, Alexander and Shades, Kaleb and Rogin, Eitan and He, Bin},
  journal={Journal of Neural Engineering},
  volume={10},
  number={4},
  pages={046003},
  year={2013},
  publisher={IOP Publishing},
  doi={10.1088/1741-2560/10/4/046003}
}

@article{rey2015single,
	title = {Single trial analysis of field potentials in perception, learning and memory},
	volume = {31},
	pages = {148--155},
	journaltitle = {Current opinion in neurobiology},
	author = {Rey, Hernan Gonzalo and Ahmadi, Maryam and Quiroga, Rodrigo Quian},
	date = {2015},
	doi={10.1016/j.conb.2014.10.009}
}

@article{acqualagna2015eeg,
  title={{EEG-based classification of video quality perception using steady state visual evoked potentials (SSVEPs)}},
  author={Acqualagna, Laura and Bosse, Sebastian and Porbadnigk, Anne K and Curio, Gabriel and M{\"u}ller, Klaus-Robert and Wiegand, Thomas and Blankertz, Benjamin},
  journal={{Journal of neural engineering}},
  volume={12},
  number={2},
  pages={026012},
  year={2015},
  publisher={IOP Publishing},
  doi={doi:10.1088/1741-2560/12/2/026012}
}

@article{sassenhagen2014p600,
  title={{The P600-as-P3 hypothesis revisited: Single-trial analyses reveal that the late EEG positivity following linguistically deviant material is reaction time aligned}},
  author={Sassenhagen, Jona and Schlesewsky, Matthias and Bornkessel-Schlesewsky, Ina},
  journal={Brain and language},
  volume={137},
  pages={29--39},
  year={2014},
  publisher={Elsevier},
  doi={doi:10.1016/j.bandl.2014.07.010}
}

@article{noh2014using,
  title={{Using single-trial EEG to predict and analyze subsequent memory}},
  author={Noh, Eunho and Herzmann, Grit and Curran, Tim and de Sa, Virginia R},
  journal={{NeuroImage}},
  volume={84},
  pages={712--723},
  year={2014},
  publisher={Elsevier},
  doi={10.1016/j.neuroimage.2013.09.028}
}

@article{bender2015variability,
  title={Variability of single trial brain activation predicts fluctuations in reaction time},
  author={Bender, Stephan and Banaschewski, Tobias and Roessner, Veit and Klein, Christoph and Rietschel, Marcella and Feige, Bernd and Brandeis, Daniel and Laucht, Manfred},
  journal={Biological Psychology},
  volume={106},
  pages={50--60},
  year={2015},
  publisher={Elsevier},
  doi={10.1016/j.biopsycho.2015.01.013}
}

@article{yu2015cognitive,
  title={{Cognitive workload modulation through degraded visual stimuli: a single-trial EEG study}},
  author={Yu, K and Prasad, I and Mir, H and Thakor, N and Al-Nashash, H},
  journal={{Journal of Neural Engineering}},
  volume={12},
  number={4},
  pages={046020},
  year={2015},
  publisher={IOP Publishing},
  doi={10.1088/1741-2560/12/4/046020}
}


%%%%%%%%%%%%
%%%%%%%%% SOFTWARE
%%%%%%%%%%%%
@article{pernet2011limo,
  title={{LIMO EEG: a toolbox for hierarchical LInear MOdeling of ElectroEncephaloGraphic data}},
  author={Pernet, Cyril R and Chauveau, Nicolas and Gaspar, Carl and Rousselet, Guillaume A},
  journal={Computational Intelligence and Neuroscience},
  volume={2011},
  pages={3},
  year={2011},
  publisher={Hindawi Publishing Corp.},
  doi={10.1155/2011/831409}
}

@article{oostenveld2010fieldtrip,
  title={{FieldTrip: Open source software for advanced analysis of MEG, EEG, and invasive electrophysiological data}},
  author={Oostenveld, Robert and Fries, Pascal and Maris, Eric and Schoffelen, Jan-Mathijs},
  journal={Computational intelligence and neuroscience},
  volume={2011},
  year={2010},
  publisher={Hindawi Publishing Corporation},
  doi={10.1155/2011/156869}
}

@article{lopez2014erplab,
  title={{ERPLAB: an open-source toolbox for the analysis of event-related potentials}},
  author={Lopez-Calderon, Javier and Luck, Steven J},
  journal={Frontiers in Human Neuroscience},
  volume={8},
  number={4},
  pages={1--14},
  year={2014},
  publisher={Frontiers Media SA},
  doi={10.3389/fnhum.2014.00213}
}

@article{gramfort2014mne,
  title={{MNE software for processing MEG and EEG data}},
  author={Gramfort, Alexandre and Luessi, Martin and Larson, Eric and Engemann, Denis A and Strohmeier, Daniel and Brodbeck, Christian and Parkkonen, Lauri and H{\"a}m{\"a}l{\"a}inen, Matti S},
  journal={{NeuroImage}},
  volume={86},
  pages={446--460},
  year={2014},
  publisher={Elsevier},
  doi={10.1016/j.neuroimage.2013.10.027}
}

@article{gramfort2013mne,
  title={{MEG and EEG data analysis with MNE-Python}},
  author={Gramfort, Alexandre and Luessi, Martin and Larson, Eric and Engemann, Denis A and Strohmeier, Daniel and Brodbeck, Christian and Goj, Roman and Jas, Mainak and Brooks, Teon and Parkkonen, Lauri and others},
  journal={Frontiers in Neuroscience},
  volume={7},
  year={2013},
  doi={10.3389/fnins.2013.00267}
}

@article{delorme2004eeglab,
  title={{EEGLAB: an open source toolbox for analysis of single-trial EEG dynamics including independent component analysis}},
  author={Delorme, Arnaud and Makeig, Scott},
  journal={Journal of Neuroscience Methods},
  volume={134},
  number={1},
  pages={9--21},
  year={2004},
  publisher={Elsevier}
}

@article{venthur2015wyrm,
  title={{Wyrm: A brain-computer interface toolbox in Python}},
  author={Venthur, Bastian and D{\"a}hne, Sven and H{\"o}hne, Johannes and Heller, Hendrik and Blankertz, Benjamin},
  journal={Neuroinformatics},
  volume={13},
  number={4},
  pages={471--486},
  year={2015},
  publisher={Springer},
  doi={10.1007/s12021-015-9271-8}
}

@article{al2015emdlab,
  title={{EMDLAB: A toolbox for analysis of single-trial EEG dynamics using empirical mode decomposition}},
  author={Al-Subari, K and Al-Baddai, S and Tom{\'e}, AM and Goldhacker, M and Faltermeier, R and Lang, EW},
  journal={Journal of Neuroscience Methods},
  volume={253},
  pages={193--205},
  year={2015},
  publisher={Elsevier},
  doi={10.1016/j.jneumeth.2015.06.020}
}


%%%%%%%%%%%%
%%%%%%%%% ISSUES
%%%%%%%%%%%%
@article{dien1998issues,
    title={{Issues in the application of the average reference: Review, critiques, and
        recommendations}},
    author={Dien, Joseph},
    journal={Behavior Research Methods, Instruments, \& Computers},
    volume={30},
    number={1},
    pages={34--43},
    year={1998},
    publisher={Springer}
}

@article{vul2009puzzlingly,
    title={{Puzzlingly high correlations in fMRI studies of emotion, personality, and
        social cognition}},
    author={Vul, Edward and Harris, Christine and Winkielman, Piotr and Pashler,
        Harold},
    journal={Perspectives on Psychological Science},
    volume={4},
    number={3},
    pages={274--290},
    year={2009},
    publisher={SAGE Publications},
    doi={10.1111/j.1745-6924.2009.01125.x}
}

@article{kappenman2010effects,
    title={{The effects of electrode impedance on data quality and statistical
        significance in ERP recordings}},
    author={Kappenman, Emily S and Luck, Steven J},
    journal={Psychophysiology},
    volume={47},
    number={5},
    pages={888--904},
    year={2010},
    publisher={Wiley Online Library},
    doi={10.1111/j.1469-8986.2010.01009.x}
}

@article{tanner2015inappropriate,
    title={{How inappropriate high-pass filters can produce artifactual effects and
        incorrect conclusions in ERP studies of language and cognition}},
    author={Tanner, Darren and Morgan-Short, Kara and Luck, Steven J},
    journal={Psychophysiology},
    volume={52},
    number={8},
    pages={997--1009},
    year={2015},
    publisher={Wiley Online Library},
    doi={10.1111/psyp.12437}
}

@article{rousselet2012improving,
    title={Improving standards in brain-behavior correlation analyses},
    author={Rousselet, Guillaume A and Pernet, Cyril R},
    journal={Frontiers in Human Neuroscience},
    volume={6},
    pages={119},
    year={2012},
    publisher={Frontiers},
    doi={10.3389/fnhum.2012.00119}
}

@article{urbach2006interpreting,
    title={{Interpreting event-related brain potential (ERP) distributions: implications of baseline potentials and variability with application to amplitude normalization by vector scaling}},
    author={Urbach, Thomas P and Kutas, Marta},
    journal={Biological psychology},
    volume={72},
    number={3},
    pages={333--343},
    year={2006},
    publisher={Elsevier},
    doi={10.1016/j.biopsycho.2005.11.012}
}

@article{woldorff1993distortion,
    title={{Distortion of ERP averages due to overlap from temporally adjacent ERPs: analysis and correction}},
    author={Woldorff, Marty G},
    journal={Psychophysiology},
    volume={30},
    number={1},
    pages={98--119},
    year={1993},
    publisher={Wiley Online Library},
    doi={10.1111/j.1469-8986.1993.tb03209.x}
}

@article{plochl2012combining,
    title={{Combining EEG and eye tracking: identification, characterization, and correction of eye movement artifacts in electroencephalographic data}},
    author={Pl{\"o}chl, Michael and Ossand{\'o}n, Jos{\'e} P and K{\"o}nig, Peter},
    journal={Frontiers in Human Neuroscience},
    volume={6},
    year={2012},
    publisher={Frontiers Media SA},
    doi={10.3389/fnhum.2012.00278}
}

@article{luck2016significant,
    title={{How to Get Statistically Significant Effects in Any ERP Experiment (and Why You Shouldn’t)}},
    author={Luck, Steven J and Gaspelin, Nicholas},
    journal={Psychophysiology},
    year={in press}
}

@article{gaspar2011reliability,
    title={{Reliability of ERP and single-trial analyses}},
    author={Gaspar, Carl M and Rousselet, Guillaume A and Pernet, Cyril R},
    journal={NeuroImage},
    volume={58},
    number={2},
    pages={620--629},
    year={2011},
    publisher={Elsevier},
    doi={10.1016/j.neuroimage.2011.06.052}
}

@article{hu2014single,
    title={{Single-trial time--frequency analysis of electrocortical signals: Baseline correction and beyond}},
    author={Hu, Li and Xiao, P and Zhang, ZG and Mouraux, Andr{\'e} and Iannetti, Gian Domenico},
    journal={NeuroImage},
    volume={84},
    pages={876--887},
    year={2014},
    publisher={Elsevier},
    doi={10.1016/j.neuroimage.2013.09.055}
}

@article{stelzer2014deficient,
    title={{Deficient approaches to human neuroimaging}},
    author={Stelzer, Johannes and Lohmann, Gabriele and Mueller, Karsten and Buschmann, Tilo and Turner, Robert},
    journal={Frontiers in Human Neuroscience},
    volume={8},
    year={2014},
    doi={10.3389/fnhum.2014.00462}
}

@article{poline2012general,
    title={{The general linear model and fMRI: does love last forever?}},
    author={Poline, Jean-Baptiste and Brett, Matthew},
    journal={NeuroImage},
    volume={62},
    number={2},
    pages={871--880},
    year={2012},
    publisher={Elsevier},
    doi={10.1016/j.neuroimage.2012.01.133}
}

@article{monti2011statistical,
    title={{Statistical analysis of fMRI time-series: A critical review of the GLM approach}},
    author={Monti, Martin M},
    journal={Frontiers in Human Neuroscience},
    volume={5},
    pages={28},
    year={2011},
    publisher={Frontiers},
    doi={10.3389/fnhum.2011.00028}
}

@article{grandchamp2011single,
    title={Single-trial normalization for event-related spectral decomposition reduces sensitivity to noisy trials.},
    author={Grandchamp, Romain and Delorme, Arnaud},
    journal={Frontiers in Psychology},
    volume={2},
    pages={236},
    year={2011},
    doi={10.3389/fpsyg.2011.00236}
}

@article{vanrullen2011four,
  title={Four Common Conceptual Fallacies in Mapping the Time Course of Recognition},
  author={VanRullen, Rufin},
  journal={Frontiers in Psychology},
  volume={2},
  year={2011},
  publisher={Frontiers Media SA},
  doi={10.3389/fpsyg.2011.00365}
}


@article{rousselet2012does,
  title={Does filtering preclude us from studying {ERP} time-courses?},
  author={Rousselet, Guillaume A},
  journal={Frontiers in Psychology},
  volume={3},
  year={2012},
  publisher={Frontiers Media SA},
  doi={10.3389/fpsyg.2012.00131}
}

%%%%%%%%%%%%
%%%%%%%%% MODEL BASED INFERENCE
%%%%%%%%%%%%
@book{forstmann2015introduction,
    title={An introduction to model-based cognitive neuroscience},
    author={Forstmann, Birte U and Wagenmakers, Eric-Jan},
    year={2015},
    publisher={Springer}
}

@article{turner2013bayesian,
  title={{A Bayesian framework for simultaneously modeling neural and behavioral data}},
  author={Turner, Brandon M and Forstmann, Birte U and Wagenmakers, Eric-Jan and Brown, Scott D and Sederberg, Per B and Steyvers, Mark},
  journal={NeuroImage},
  volume={72},
  pages={193--206},
  year={2013},
  publisher={Elsevier},
  doi={10.1016/j.neuroimage.2013.01.048}
}

@article{turner2015more,
  title={{Why more is better: Simultaneous modeling of EEG, fMRI, and behavioral data}},
  author={Turner, Brandon M and Rodriguez, Christian A and Norcia, Tony M and McClure, Samuel M and Steyvers, Mark},
  journal={NeuroImage},
  year={2015},
  publisher={Elsevier},
  doi={10.1016/j.neuroimage.2015.12.030}
}

@article{turner2016approaches,
  title={Approaches to analysis in model-based cognitive neuroscience},
  author={Turner, Brandon M and Forstmann, Birte U and Love, Bradley C and Palmeri, Thomas J and Van Maanen, Leendert},
  journal={Journal of Mathematical Psychology},
  year={2016},
  publisher={Elsevier},
  doi={10.1016/j.jmp.2016.01.001}
}

@article{nunez2015individual,
  title={Individual differences in attention influence perceptual decision making},
  author={Nunez, Michael D and Srinivasan, Ramesh and Vandekerckhove, Joachim},
  journal={Frontiers in Psychology},
  volume={8},
  year={2015},
  publisher={Frontiers Media SA},
  doi={10.3389/fpsyg.2015.00018}
}

@article{de2016combining,
  title={Combining Computational Models of Cognition and Neural Data to Learn about Mixed Task Strategies},
  author={de Hollander, Gilles},
  journal={The Journal of Neuroscience},
  volume={36},
  number={1},
  pages={1--3},
  year={2016},
  publisher={Soc Neuroscience}
}


%%%%%%%%%%%%
%%%%%%%%% MISC
%%%%%%%%%%%%
@article{gelman2012multilevel,
    title={{Multilevel (hierarchical) modeling: what it can and cannot do}},
    author={Gelman, Andrew},
    journal={Technometrics},
    year={2012},
    publisher={Taylor \& Francis},
    doi={10.1198/004017005000000661}
}

@article{efron1977stein,
    title={Stein's paradox in statistics},
    author={Efron, Bradley and Morris, Carl},
    journal={Scientific American},
    volume={236},
    pages={119--127},
    year={1977}
}

@article{friston1994statistical,
    title={Statistical parametric maps in functional imaging: a general linear approach},
    author={Friston, Karl J and Holmes, Andrew P and Worsley, Keith J and Poline, J-P and Frith, Chris D and Frackowiak, Richard SJ},
    journal={Human brain mapping},
    volume={2},
    number={4},
    pages={189--210},
    year={1994},
    publisher={Wiley Online Library}
}

@article{rorden2007improving,
    title={Improving lesion-symptom mapping},
    author={Rorden, Chris and Karnath, Hans-Otto and Bonilha, Leonardo},
    journal={Journal of Cognitive Neuroscience},
    volume={19},
    number={7},
    pages={1081--1088},
    year={2007},
    publisher={MIT Press},
    doi={10.1162/jocn.2007.19.7.1081}
}

@article{genovese2002thresholding,
    title={{Thresholding of statistical maps in functional neuroimaging using the false
        discovery rate}},
    author={Genovese, Christopher R and Lazar, Nicole A and Nichols, Thomas},
    journal={NeuroImage},
    volume={15},
    number={4},
    pages={870--878},
    year={2002},
    publisher={Elsevier},
    doi={10.1006/nimg.2001.1037}
}

@book{mckinney2012python,
    title={{Python for data analysis: Data wrangling with Pandas, NumPy, and IPython}},
    author={McKinney, Wes},
    year={2012},
    publisher={O'Reilly Media, Inc.}
}

@book{wilcox2012introduction,
    title={Introduction to robust estimation and hypothesis testing},
    author={Wilcox, Rand R},
    year={2012},
    publisher={Academic Press}
}

@article{park2008bayesian,
    title={{The Bayesian lasso}},
    author={Park, Trevor and Casella, George},
    journal={Journal of the American Statistical Association},
    volume={103},
    number={482},
    pages={681--686},
    year={2008},
    publisher={Taylor \& Francis},
    doi={10.1198/016214508000000337}
}

@book{mcelreath2016statistical,
    title={{Statistical Rethinking: A Bayesian Course with Examples in R and Stan}},
    author={McElreath, Richard},
    volume={122},
    year={2016},
    publisher={CRC Press}
}

@article{de2014meaning,
    title={{The meaning of “significance” for different types of research [translated and
        annotated by Eric-Jan Wagenmakers, Denny Borsboom, Josine Verhagen, Rogier Kievit,
        Marjan Bakker, Angelique Cramer, Dora Matzke, Don Mellenbergh, and Han LJ van der
            Maas]}},
    author={De Groot, AD},
    journal={Acta Psychologica},
    volume={148},
    pages={188--194},
    year={2014},
    publisher={Elsevier},
    doi={10.1016/j.actpsy.2014.02.001}
}

@article{rouder2009bayesian,
    title={Bayesian t tests for accepting and rejecting the null hypothesis},
    author={Rouder, Jeffrey N and Speckman, Paul L and Sun, Dongchu and Morey, Richard D and Iverson, Geoffrey},
    journal={Psychonomic Bulletin \& Review},
    volume={16},
    number={2},
    pages={225--237},
    year={2009},
    publisher={Springer},
    doi={10.3758/PBR.16.2.225}
}

@article{liang2008mixtures,
    title={Mixtures of g priors for Bayesian variable selection},
    author={Liang, Feng and Paulo, Rui and Molina, German and Clyde, Merlise A and Berger, Jim O},
    journal={Journal of the American Statistical Association},
    year={2008},
    publisher={Taylor \& Francis},
    doi={10.1198/016214507000001337}
}

@article{berger1987testing,
    title={Testing precise hypotheses},
    author={Berger, James O and Delampady, Mohan},
    journal={Statistical Science},
    pages={317--335},
    year={1987},
    publisher={JSTOR}
}

@article{chambers2013registered,
    title={{Registered reports: a new publishing initiative at Cortex.}},
    author={Chambers, Christopher D},
    journal={Cortex},
    volume={49},
    number={3},
    pages={609--610},
    year={2013},
    doi={10.1016/j.cortex.2012.12.016}
}

@article{king2016registered,
    title={Registered Reports for Student Research},
    author={King, Maedbh and Dablander, Fabian and Jakob, Lea and Agan, Maria and
        Huber, Felicitas and Haslbeck, Jonas and Brecht, Katharina},
    journal={Journal of European Psychology Students},
    volume={7},
    number={1},
    year={2016},
    publisher={Ubiquity Press},
    doi={doi.org/10.5334/jeps.401}
}

@article{etz2015bayes,
    title = {{How to become a Bayesian in eight easy steps}},
    author = {Etz, Alexander and Gronau, Quentin F and Dablander, F. and Edelsbrunner, Peter A and Baribault, Beth},
    journal = {Psychonomic Bulletin and Review},
    year = {invited submission},
    publisher = {Springer}
}

@article{tibshirani1996regression,
    title={Regression shrinkage and selection via the lasso},
    author={Tibshirani, Robert},
    journal={Journal of the Royal Statistical Society. Series B (Methodological)},
    pages={267--288},
    year={1996},
    publisher={JSTOR}
}

@article{dimitrov2011information,
    title={Information theory in neuroscience},
    author={Dimitrov, Alexander G and Lazar, Aurel A and Victor, Jonathan D},
    journal={Journal of Computational Neuroscience},
    volume={30},
    number={1},
    pages={1--5},
    year={2011},
    publisher={Springer},
    doi={10.1007/s10827-011-0314-3}
}

@article{shlens2014PCA,
    title={A tutorial on principal component analysis},
    author={Shlens, Jonathon},
    journal={arXiv preprint arXiv:1404.1100},
    year={2014}
}

@article{shlens2014ICA,
    title={A Tutorial on Independent Component Analysis},
    author={Shlens, Jonathon},
    journal={arXiv preprint arXiv:1404.2986},
    year={2014}
}

@article{kriegeskorte2009circular,
  title={Circular analysis in systems neuroscience: the dangers of double dipping},
  author={Kriegeskorte, Nikolaus and Simmons, W Kyle and Bellgowan, Patrick SF and Baker, Chris I},
  journal={Nature Neuroscience},
  volume={12},
  number={5},
  pages={535--540},
  year={2009},
  publisher={Nature Publishing Group},
  doi={10.1038/nn.2303}
}

@article{breiman2001statistical,
  title={Statistical modeling: The two cultures (with comments and a rejoinder by the author)},
  author={Breiman, Leo and others},
  journal={Statistical Science},
  volume={16},
  number={3},
  pages={199--231},
  year={2001},
  publisher={Institute of Mathematical Statistics}
}

@article{bickel1975sex,
  title={Sex bias in graduate admissions: Data from Berkeley},
  author={Bickel, Peter J and Hammel, Eugene A and O’Connell, J William and others},
  journal={Science},
  volume={187},
  number={4175},
  pages={398--404},
  year={1975}
}

@article{kievit2013simpson,
  title={Simpson's paradox in psychological science: a practical guide},
  author={Kievit, Rogier A and Frankenhuis, Willem E and Waldorp, Lourens J and Borsboom, Denny},
  journal={Frontiers in Psychology},
  volume={4},
  year={2013},
  publisher={Frontiers Media SA},
  doi={10.3389/fpsyg.2013.00513}
}

@article{strang1994wavelets,
  title={Wavelets},
  author={Strang, Gilbert},
  journal={American Scientist},
  volume={82},
  number={3},
  pages={250--255},
  year={1994},
  publisher={JSTOR}
}

@article{carp2012secret,
  title={{The secret lives of experiments: methods reporting in the fMRI literature}},
  author={Carp, Joshua},
  journal={NeuroImage},
  volume={63},
  number={1},
  pages={289--300},
  year={2012},
  publisher={Elsevier},
  doi={10.1016/j.neuroimage.2012.07.004}
}

@article{gelman2014statistical,
  title={The Statistical Crisis in Science},
  author={Gelman, Andrew and Loken, Eric},
  journal={American Scientist},
  volume={102},
  number={6},
  pages={460},
  year={2014},
  publisher={Sigma XI-The Scientific Research Society}
}

@article{simmons2011false,
  title={False-positive psychology: undisclosed flexibility in data collection and analysis allows presenting anything as significant},
  author={Simmons, Joseph P and Nelson, Leif D and Simonsohn, Uri},
  journal={Psychological Science},
  pages={1359--1366},
  year={2011},
  publisher={Sage Publications},
  doi={10.1177/0956797611417632}
}
